<?xml version="1.0" encoding="UTF-8"?><collection xmlns="http://www.loc.gov/MARC21/slim"><record><leader>00425nam--2200109-i-4500</leader><controlfield tag="001">000043165</controlfield><controlfield tag="002">20161230</controlfield><controlfield tag="005">20161230201043</controlfield><controlfield tag="008">060222s1000------------r-----000-0-eng-d</controlfield><datafield ind1=" " ind2=" " tag="245"><subfield code="a">Surface chemistry. papers presented for a discussiion at a joint meeting of the scociete de chimie physique and the faraday soc.held at bordeaux from 5 to ( oct.1947..</subfield></datafield><datafield ind1=" " ind2=" " tag="260"><subfield code="a">London, Butterworth Scientific Publ.,1948. Vii + 343 P</subfield></datafield><datafield ind1=" " ind2=" " tag="852"><subfield code="a">1366</subfield></datafield></record></collection>